@misc{wiki:q-learning,
    author = "{Wikipedia contributors}",
    title = "{Q-learning --- {W}ikipedia{,} The Free Encyclopedia}",
    url = "https://en.wikipedia.org/wiki/Q\_learning"
}

@misc{zbfish,
  author = "{M. Pedersen, J. B. Haurum, S. H. Bengtson, and T. B. Moeslund,}",
  title = "{“3D-ZeF: A 3D zebrafish tracking benchmark dataset,”}", 
  year = "2020",
  url = "https://vbn.aau.dk/en/publications/3d-zef-a-3d-zebrafish-tracking-benchmark-dataset"
}
@INPROCEEDINGS{orb,
  author={E. {Rublee} and V. {Rabaud} and K. {Konolige} and G. {Bradski}},
  booktitle={2011 International Conference on Computer Vision}, 
  title={ORB: An efficient alternative to SIFT or SURF}, 
  year={2011},
  volume={},
  number={},
  pages={2564-2571},
  doi={10.1109/ICCV.2011.6126544}}
  
  @INPROCEEDINGS{4725818,
  author={N. {Nain} and V. {Laxmi} and B. {Bhadviya} and D. {B M} and M. {Ahmed}},
  booktitle={2008 IEEE International Conference on Signal Image Technology and Internet Based Systems}, 
  title={Fast Feature Point Detector}, 
  year={2008},
  volume={},
  number={},
  pages={301-306},
  doi={10.1109/SITIS.2008.97}}